[gd_scene load_steps=16 format=2]

[ext_resource path="res://test/test04/assets/lightning_strike/lightning_strike0001.png" type="Texture" id=1]
[ext_resource path="res://test/test04/assets/lightning_strike/lightning_strike0002.png" type="Texture" id=2]
[ext_resource path="res://test/test04/assets/lightning_strike/lightning_strike0003.png" type="Texture" id=3]
[ext_resource path="res://test/test04/assets/lightning_strike/lightning_strike0000.png" type="Texture" id=4]
[ext_resource path="res://test/test04/assets/lightning_strike/lightning_strike0007.png" type="Texture" id=5]
[ext_resource path="res://test/test04/assets/lightning_strike/lightning_strike0006.png" type="Texture" id=6]
[ext_resource path="res://test/test04/assets/lightning_strike/lightning_strike0005.png" type="Texture" id=7]
[ext_resource path="res://test/test04/assets/lightning_strike/lightning_strike0004.png" type="Texture" id=8]
[ext_resource path="res://test/test04/assets/lightning_strike/lightning_strike0008.png" type="Texture" id=9]
[ext_resource path="res://test/test04/assets/lightning_strike/lightning_strike0010.png" type="Texture" id=10]
[ext_resource path="res://test/test04/assets/lightning_strike/lightning_strike0011.png" type="Texture" id=11]
[ext_resource path="res://test/test04/assets/lightning_strike/lightning_strike0009.png" type="Texture" id=12]
[ext_resource path="res://test/test04/assets/lightning_strike/LightningStrike.gd" type="Script" id=13]

[sub_resource type="SpriteFrames" id=1]
animations = [ {
"frames": [ ExtResource( 4 ), ExtResource( 1 ), ExtResource( 2 ), ExtResource( 3 ), ExtResource( 8 ), ExtResource( 7 ), ExtResource( 6 ), ExtResource( 5 ), ExtResource( 9 ), ExtResource( 12 ), ExtResource( 10 ), ExtResource( 11 ) ],
"loop": false,
"name": "default",
"speed": 18.0
} ]

[sub_resource type="RectangleShape2D" id=2]
extents = Vector2( 44.5, 59 )

[node name="LightningStrike" type="Area2D"]
script = ExtResource( 13 )

[node name="AnimatedSprite" type="AnimatedSprite" parent="."]
position = Vector2( 0, -55 )
frames = SubResource( 1 )

[node name="CollisionShape2D" type="CollisionShape2D" parent="."]
position = Vector2( -0.5, -66 )
shape = SubResource( 2 )

[connection signal="animation_finished" from="AnimatedSprite" to="." method="_on_AnimatedSprite_animation_finished"]
